01REMESSA01       COBRANCA00000000000000000000      INSOLE ENERGIA SOLAR S A237   BRADESCO S A26122019     SFR000000126122019 00000                                                                                                                                                                                                                                                                                                                                                                           000001
10222208173000132000000552266001120            552201                   0000000000000000000000 00000000000000000000000000000  1531530000000109032019000000010000000000000          11A07122019000000000000000000000000000000000000000000000071950000000000000002200001000204251333000144COMUNIDADE CANCAO NOVA                  AV CANCAO  NOVA ALTO DA BELA VISTA                  1263000000000000000  00000000000000                                        000000000000000000000000000000000000000000P    000001
10222208173000132000000552266002120            552202                   0000000000000000000000 00000000000000000000000000000  1531530000000109042019000000010000000000000          11A07122019000000000000000000000000000000000000000000000063552000000000000002200001000204251333000144COMUNIDADE CANCAO NOVA                  AV CANCAO  NOVA ALTO DA BELA VISTA                  1263000000000000000  00000000000000                                        000000000000000000000000000000000000000000P    000002
10222208173000132000000552266003120            552203                   0000000000000000000000 00000000000000000000000000000  1531530000000109052019000000010000000000000          11A07122019000000000000000000000000000000000000000000000057669000000000000002200001000204251333000144COMUNIDADE CANCAO NOVA                  AV CANCAO  NOVA ALTO DA BELA VISTA                  1263000000000000000  00000000000000                                        000000000000000000000000000000000000000000P    000003
10222208173000132000000552266004120            552204                   0000000000000000000000 00000000000000000000000000000  1531530000000109062019000000010000000000000          11A07122019000000000000000000000000000000000000000000000051213000000000000002200001000204251333000144COMUNIDADE CANCAO NOVA                  AV CANCAO  NOVA ALTO DA BELA VISTA                  1263000000000000000  00000000000000                                        000000000000000000000000000000000000000000P    000004
10222208173000132000000552266005120            552205                   0000000000000000000000 00000000000000000000000000000  1531530000000109072019000000010000000000000          11A07122019000000000000000000000000000000000000000000000045726000000000000002200001000204251333000144COMUNIDADE CANCAO NOVA                  AV CANCAO  NOVA ALTO DA BELA VISTA                  1263000000000000000  00000000000000                                        000000000000000000000000000000000000000000P    000005
10222208173000132000000552266006120            552206                   0000000000000000000000 00000000000000000000000000000  1531530000000109082019000000010000000000000          11A07122019000000000000000000000000000000000000000000000040827000000000000002200001000204251333000144COMUNIDADE CANCAO NOVA                  AV CANCAO  NOVA ALTO DA BELA VISTA                  1263000000000000000  00000000000000                                        000000000000000000000000000000000000000000P    000006
10222208173000132000000552266007120            552207                   0000000000000000000000 00000000000000000000000000000  1531530000000109092019000000010000000000000          11A07122019000000000000000000000000000000000000000000000036256000000000000002200001000204251333000144COMUNIDADE CANCAO NOVA                  AV CANCAO  NOVA ALTO DA BELA VISTA                  1263000000000000000  00000000000000                                        000000000000000000000000000000000000000000P    000007
10222208173000132000000552266008120            552208                   0000000000000000000000 00000000000000000000000000000  1531530000000109102019000000010000000000000          11A07122019000000000000000000000000000000000000000000000032197000000000000002200001000204251333000144COMUNIDADE CANCAO NOVA                  AV CANCAO  NOVA ALTO DA BELA VISTA                  1263000000000000000  00000000000000                                        000000000000000000000000000000000000000000P    000008
10222208173000132000000552266009120            552209                   0000000000000000000000 00000000000000000000000000000  1531530000000109112019000000010000000000000          11A07122019000000000000000000000000000000000000000000000029060000000000000002200001000204251333000144COMUNIDADE CANCAO NOVA                  AV CANCAO  NOVA ALTO DA BELA VISTA                  1263000000000000000  00000000000000                                        000000000000000000000000000000000000000000P    000009
10222208173000132000000552266010120            552210                   0000000000000000000000 00000000000000000000000000000  1531530000000109122019000000010000000000000          11A07122019000000000000000000000000000000000000000000000025806000000000000002200001000204251333000144COMUNIDADE CANCAO NOVA                  AV CANCAO  NOVA ALTO DA BELA VISTA                  1263000000000000000  00000000000000                                        000000000000000000000000000000000000000000P    000010
10222208173000132000000552266011120            552211                   0000000000000000000000 00000000000000000000000000000  1531530000000109012020000000010000000000000          11A07122019000000000000000000000000000000000000000000000023166000000000000002200001000204251333000144COMUNIDADE CANCAO NOVA                  AV CANCAO  NOVA ALTO DA BELA VISTA                  1263000000000000000  00000000000000                                        000000000000000000000000000000000000000000P    000011
10222208173000132000000552266012120            552212                   0000000000000000000000 00000000000000000000000000000  1531530000000109022020000000010000000000000          11A07122019000000000000000000000000000000000000000000000020573000000000000002200001000204251333000144COMUNIDADE CANCAO NOVA                  AV CANCAO  NOVA ALTO DA BELA VISTA                  1263000000000000000  00000000000000                                        000000000000000000000000000000000000000000P    000012
10222208173000132000000552266013120            552213                   0000000000000000000000 00000000000000000000000000000  1531530000000109032020000000010000000000000          11A07122019000000000000000000000000000000000000000000000018668000000000000002200001000204251333000144COMUNIDADE CANCAO NOVA                  AV CANCAO  NOVA ALTO DA BELA VISTA                  1263000000000000000  00000000000000                                        000000000000000000000000000000000000000000P    000013
10222208173000132000000552266014120            552214                   0000000000000000000000 00000000000000000000000000000  1531530000000109042020000000010000000000000          11A07122019000000000000000000000000000000000000000000000016578000000000000002200001000204251333000144COMUNIDADE CANCAO NOVA                  AV CANCAO  NOVA ALTO DA BELA VISTA                  1263000000000000000  00000000000000                                        000000000000000000000000000000000000000000P    000014
10222208173000132000000552266015120            552215                   0000000000000000000000 00000000000000000000000000000  1531530000000109052020000000010000000000000          11A07122019000000000000000000000000000000000000000000000014963000000000000002200001000204251333000144COMUNIDADE CANCAO NOVA                  AV CANCAO  NOVA ALTO DA BELA VISTA                  1263000000000000000  00000000000000                                        000000000000000000000000000000000000000000P    000015
10222208173000132000000552266016120            552216                   0000000000000000000000 00000000000000000000000000000  1531530000000109062020000000010000000000000          11A07122019000000000000000000000000000000000000000000000013288000000000000002200001000204251333000144COMUNIDADE CANCAO NOVA                  AV CANCAO  NOVA ALTO DA BELA VISTA                  1263000000000000000  00000000000000                                        000000000000000000000000000000000000000000P    000016
10222208173000132000000552266017120            552217                   0000000000000000000000 00000000000000000000000000000  1531530000000109072020000000010000000000000          11A07122019000000000000000000000000000000000000000000000011800000000000000002200001000204251333000144COMUNIDADE CANCAO NOVA                  AV CANCAO  NOVA ALTO DA BELA VISTA                  1263000000000000000  00000000000000                                        000000000000000000000000000000000000000000P    000017
10222208173000132000000552266018120            552218                   0000000000000000000000 00000000000000000000000000000  1531530000000109082020000000010000000000000          11A07122019000000000000000000000000000000000000000000000010536000000000000002200001000204251333000144COMUNIDADE CANCAO NOVA                  AV CANCAO  NOVA ALTO DA BELA VISTA                  1263000000000000000  00000000000000                                        000000000000000000000000000000000000000000P    000018
10222208173000132000000552266019120            552219                   0000000000000000000000 00000000000000000000000000000  1531530000000109092020000000010000000000000          11A07122019000000000000000000000000000000000000000000000009356000000000000002200001000204251333000144COMUNIDADE CANCAO NOVA                  AV CANCAO  NOVA ALTO DA BELA VISTA                  1263000000000000000  00000000000000                                        000000000000000000000000000000000000000000P    000019
10222208173000132000000552266020120            552220                   0000000000000000000000 00000000000000000000000000000  1531530000000109102020000000010000000000000          11A07122019000000000000000000000000000000000000000000000008354000000000000002200001000204251333000144COMUNIDADE CANCAO NOVA                  AV CANCAO  NOVA ALTO DA BELA VISTA                  1263000000000000000  00000000000000                                        000000000000000000000000000000000000000000P    000020
10222208173000132000000552266021120            552221                   0000000000000000000000 00000000000000000000000000000  1531530000000109112020000000010000000000000          11A07122019000000000000000000000000000000000000000000000007499000000000000002200001000204251333000144COMUNIDADE CANCAO NOVA                  AV CANCAO  NOVA ALTO DA BELA VISTA                  1263000000000000000  00000000000000                                        000000000000000000000000000000000000000000P    000021
10222208173000132000000552266022120            552222                   0000000000000000000000 00000000000000000000000000000  1531530000000109122020000000010000000000000          11A07122019000000000000000000000000000000000000000000000006696000000000000002200001000204251333000144COMUNIDADE CANCAO NOVA                  AV CANCAO  NOVA ALTO DA BELA VISTA                  1263000000000000000  00000000000000                                        000000000000000000000000000000000000000000P    000022
10222208173000132000000552266023120            552223                   0000000000000000000000 00000000000000000000000000000  1531530000000109012021000000010000000000000          11A07122019000000000000000000000000000000000000000000000005978000000000000002200001000204251333000144COMUNIDADE CANCAO NOVA                  AV CANCAO  NOVA ALTO DA BELA VISTA                  1263000000000000000  00000000000000                                        000000000000000000000000000000000000000000P    000023
10222208173000132000000552266024120            552224                   0000000000000000000000 00000000000000000000000000000  1531530000000109022021000000010000000000000          11A07122019000000000000000000000000000000000000000000000005281000000000000002200001000204251333000144COMUNIDADE CANCAO NOVA                  AV CANCAO  NOVA ALTO DA BELA VISTA                  1263000000000000000  00000000000000                                        000000000000000000000000000000000000000000P    000024
10222208173000132000000552266025120            552225                   0000000000000000000000 00000000000000000000000000000  1531530000000109032021000000010000000000000          11A07122019000000000000000000000000000000000000000000000004792000000000000002200001000204251333000144COMUNIDADE CANCAO NOVA                  AV CANCAO  NOVA ALTO DA BELA VISTA                  1263000000000000000  00000000000000                                        000000000000000000000000000000000000000000P    000025
10222208173000132000000552266026120            552226                   0000000000000000000000 00000000000000000000000000000  1531530000000109042021000000010000000000000          11A07122019000000000000000000000000000000000000000000000004255000000000000002200001000204251333000144COMUNIDADE CANCAO NOVA                  AV CANCAO  NOVA ALTO DA BELA VISTA                  1263000000000000000  00000000000000                                        000000000000000000000000000000000000000000P    000026
10222208173000132000000552266027120            552227                   0000000000000000000000 00000000000000000000000000000  1531530000000109052021000000010000000000000          11A07122019000000000000000000000000000000000000000000000003841000000000000002200001000204251333000144COMUNIDADE CANCAO NOVA                  AV CANCAO  NOVA ALTO DA BELA VISTA                  1263000000000000000  00000000000000                                        000000000000000000000000000000000000000000P    000027
10222208173000132000000552266028120            552228                   0000000000000000000000 00000000000000000000000000000  1531530000000109062021000000010000000000000          11A07122019000000000000000000000000000000000000000000000003392000000000000002200001000204251333000144COMUNIDADE CANCAO NOVA                  AV CANCAO  NOVA ALTO DA BELA VISTA                  1263000000000000000  00000000000000                                        000000000000000000000000000000000000000000P    000028
10222208173000132000000552266029120            552229                   0000000000000000000000 00000000000000000000000000000  1531530000000109072021000000010000000000000          11A07122019000000000000000000000000000000000000000000000003045000000000000002200001000204251333000144COMUNIDADE CANCAO NOVA                  AV CANCAO  NOVA ALTO DA BELA VISTA                  1263000000000000000  00000000000000                                        000000000000000000000000000000000000000000P    000029
10222208173000132000000552266030120            552230                   0000000000000000000000 00000000000000000000000000000  1531530000000109082021000000010000000000000          11A07122019000000000000000000000000000000000000000000000002704000000000000002200001000204251333000144COMUNIDADE CANCAO NOVA                  AV CANCAO  NOVA ALTO DA BELA VISTA                  1263000000000000000  00000000000000                                        000000000000000000000000000000000000000000P    000030
10222208173000132000000552266031120            552231                   0000000000000000000000 00000000000000000000000000000  1531530000000109092021000000010000000000000          11A07122019000000000000000000000000000000000000000000000002402000000000000002200001000204251333000144COMUNIDADE CANCAO NOVA                  AV CANCAO  NOVA ALTO DA BELA VISTA                  1263000000000000000  00000000000000                                        000000000000000000000000000000000000000000P    000031
10222208173000132000000552266032120            552232                   0000000000000000000000 00000000000000000000000000000  1531530000000109102021000000010000000000000          11A07122019000000000000000000000000000000000000000000000002156000000000000002200001000204251333000144COMUNIDADE CANCAO NOVA                  AV CANCAO  NOVA ALTO DA BELA VISTA                  1263000000000000000  00000000000000                                        000000000000000000000000000000000000000000P    000032
10222208173000132000000552266033120            552233                   0000000000000000000000 00000000000000000000000000000  1531530000000109112021000000010000000000000          11A07122019000000000000000000000000000000000000000000000001925000000000000002200001000204251333000144COMUNIDADE CANCAO NOVA                  AV CANCAO  NOVA ALTO DA BELA VISTA                  1263000000000000000  00000000000000                                        000000000000000000000000000000000000000000P    000033
10222208173000132000000552266034120            552234                   0000000000000000000000 00000000000000000000000000000  1531530000000109122021000000010000000000000          11A07122019000000000000000000000000000000000000000000000001719000000000000002200001000204251333000144COMUNIDADE CANCAO NOVA                  AV CANCAO  NOVA ALTO DA BELA VISTA                  1263000000000000000  00000000000000                                        000000000000000000000000000000000000000000P    000034
10222208173000132000000552266035120            552235                   0000000000000000000000 00000000000000000000000000000  1531530000000109012022000000010000000000000          11A07122019000000000000000000000000000000000000000000000001534000000000000002200001000204251333000144COMUNIDADE CANCAO NOVA                  AV CANCAO  NOVA ALTO DA BELA VISTA                  1263000000000000000  00000000000000                                        000000000000000000000000000000000000000000P    000035
10222208173000132000000552266036120            552236                   0000000000000000000000 00000000000000000000000000000  1531530000000109022022000000010000000000000          11A07122019000000000000000000000000000000000000000000000001355000000000000002200001000204251333000144COMUNIDADE CANCAO NOVA                  AV CANCAO  NOVA ALTO DA BELA VISTA                  1263000000000000000  00000000000000                                        000000000000000000000000000000000000000000P    000036
10222208173000132000000552266037120            552237                   0000000000000000000000 00000000000000000000000000000  1531530000000109032022000000010000000000000          11A07122019000000000000000000000000000000000000000000000001230000000000000002200001000204251333000144COMUNIDADE CANCAO NOVA                  AV CANCAO  NOVA ALTO DA BELA VISTA                  1263000000000000000  00000000000000                                        000000000000000000000000000000000000000000P    000037
10222208173000132000000552266038120            552238                   0000000000000000000000 00000000000000000000000000000  1531530000000109042022000000010000000000000          11A07122019000000000000000000000000000000000000000000000001104000000000000002200001000204251333000144COMUNIDADE CANCAO NOVA                  AV CANCAO  NOVA ALTO DA BELA VISTA                  1263000000000000000  00000000000000                                        000000000000000000000000000000000000000000P    000038
10222208173000132000000552266039120            552239                   0000000000000000000000 00000000000000000000000000000  1531530000000109052022000000010000000000000          11A07122019000000000000000000000000000000000000000000000000991000000000000002200001000204251333000144COMUNIDADE CANCAO NOVA                  AV CANCAO  NOVA ALTO DA BELA VISTA                  1263000000000000000  00000000000000                                        000000000000000000000000000000000000000000P    000039
10222208173000132000000552266040120            552240                   0000000000000000000000 00000000000000000000000000000  1531530000000109062022000000010000000000000          11A07122019000000000000000000000000000000000000000000000000880000000000000002200001000204251333000144COMUNIDADE CANCAO NOVA                  AV CANCAO  NOVA ALTO DA BELA VISTA                  1263000000000000000  00000000000000                                        000000000000000000000000000000000000000000P    000040
10222208173000132000000552266041120            552241                   0000000000000000000000 00000000000000000000000000000  1531530000000109072022000000010000000000000          11A07122019000000000000000000000000000000000000000000000000790000000000000002200001000204251333000144COMUNIDADE CANCAO NOVA                  AV CANCAO  NOVA ALTO DA BELA VISTA                  1263000000000000000  00000000000000                                        000000000000000000000000000000000000000000P    000041
10222208173000132000000552266042120            552242                   0000000000000000000000 00000000000000000000000000000  1531530000000109082022000000010000000000000          11A07122019000000000000000000000000000000000000000000000000698000000000000002200001000204251333000144COMUNIDADE CANCAO NOVA                  AV CANCAO  NOVA ALTO DA BELA VISTA                  1263000000000000000  00000000000000                                        000000000000000000000000000000000000000000P    000042
10222208173000132000000552266043120            552243                   0000000000000000000000 00000000000000000000000000000  1531530000000109092022000000010000000000000          11A07122019000000000000000000000000000000000000000000000000623000000000000002200001000204251333000144COMUNIDADE CANCAO NOVA                  AV CANCAO  NOVA ALTO DA BELA VISTA                  1263000000000000000  00000000000000                                        000000000000000000000000000000000000000000P    000043
10222208173000132000000552266044120            552244                   0000000000000000000000 00000000000000000000000000000  1531530000000109102022000000010000000000000          11A07122019000000000000000000000000000000000000000000000000556000000000000002200001000204251333000144COMUNIDADE CANCAO NOVA                  AV CANCAO  NOVA ALTO DA BELA VISTA                  1263000000000000000  00000000000000                                        000000000000000000000000000000000000000000P    000044
10222208173000132000000552266045120            552245                   0000000000000000000000 00000000000000000000000000000  1531530000000109112022000000010000000000000          11A07122019000000000000000000000000000000000000000000000000497000000000000002200001000204251333000144COMUNIDADE CANCAO NOVA                  AV CANCAO  NOVA ALTO DA BELA VISTA                  1263000000000000000  00000000000000                                        000000000000000000000000000000000000000000P    000045
10222208173000132000000552266046120            552246                   0000000000000000000000 00000000000000000000000000000  1531530000000109122022000000010000000000000          11A07122019000000000000000000000000000000000000000000000000446000000000000002200001000204251333000144COMUNIDADE CANCAO NOVA                  AV CANCAO  NOVA ALTO DA BELA VISTA                  1263000000000000000  00000000000000                                        000000000000000000000000000000000000000000P    000046
10222208173000132000000552266047120            552247                   0000000000000000000000 00000000000000000000000000000  1531530000000109012023000000010000000000000          11A07122019000000000000000000000000000000000000000000000000400000000000000002200001000204251333000144COMUNIDADE CANCAO NOVA                  AV CANCAO  NOVA ALTO DA BELA VISTA                  1263000000000000000  00000000000000                                        000000000000000000000000000000000000000000P    000047
10222208173000132000000552266048120            552248                   0000000000000000000000 00000000000000000000000000000  1531530000000109022023000000010000000000000          11A07122019000000000000000000000000000000000000000000000000354000000000000002200001000204251333000144COMUNIDADE CANCAO NOVA                  AV CANCAO  NOVA ALTO DA BELA VISTA                  1263000000000000000  00000000000000                                        000000000000000000000000000000000000000000P    000048
10222208173000132000000552266049120            552249                   0000000000000000000000 00000000000000000000000000000  1531530000000109032023000000010000000000000          11A07122019000000000000000000000000000000000000000000000000321000000000000002200001000204251333000144COMUNIDADE CANCAO NOVA                  AV CANCAO  NOVA ALTO DA BELA VISTA                  1263000000000000000  00000000000000                                        000000000000000000000000000000000000000000P    000049
10222208173000132000000552266050120            552250                   0000000000000000000000 00000000000000000000000000000  1531530000000109042023000000010000000000000          11A07122019000000000000000000000000000000000000000000000000286000000000000002200001000204251333000144COMUNIDADE CANCAO NOVA                  AV CANCAO  NOVA ALTO DA BELA VISTA                  1263000000000000000  00000000000000                                        000000000000000000000000000000000000000000P    000050
10222208173000132000000552266051120            552251                   0000000000000000000000 00000000000000000000000000000  1531530000000109052023000000010000000000000          11A07122019000000000000000000000000000000000000000000000000256000000000000002200001000204251333000144COMUNIDADE CANCAO NOVA                  AV CANCAO  NOVA ALTO DA BELA VISTA                  1263000000000000000  00000000000000                                        000000000000000000000000000000000000000000P    000051
10222208173000132000000552266052120            552252                   0000000000000000000000 00000000000000000000000000000  1531530000000109062023000000010000000000000          11A07122019000000000000000000000000000000000000000000000000230000000000000002200001000204251333000144COMUNIDADE CANCAO NOVA                  AV CANCAO  NOVA ALTO DA BELA VISTA                  1263000000000000000  00000000000000                                        000000000000000000000000000000000000000000P    000052
10222208173000132000000552266053120            552253                   0000000000000000000000 00000000000000000000000000000  1531530000000109072023000000010000000000000          11A07122019000000000000000000000000000000000000000000000000204000000000000002200001000204251333000144COMUNIDADE CANCAO NOVA                  AV CANCAO  NOVA ALTO DA BELA VISTA                  1263000000000000000  00000000000000                                        000000000000000000000000000000000000000000P    000053
10222208173000132000000552266054120            552254                   0000000000000000000000 00000000000000000000000000000  1531530000000109082023000000010000000000000          11A07122019000000000000000000000000000000000000000000000000180000000000000002200001000204251333000144COMUNIDADE CANCAO NOVA                  AV CANCAO  NOVA ALTO DA BELA VISTA                  1263000000000000000  00000000000000                                        000000000000000000000000000000000000000000P    000054
10222208173000132000000552266055120            552255                   0000000000000000000000 00000000000000000000000000000  1531530000000109092023000000010000000000000          11A07122019000000000000000000000000000000000000000000000000161000000000000002200001000204251333000144COMUNIDADE CANCAO NOVA                  AV CANCAO  NOVA ALTO DA BELA VISTA                  1263000000000000000  00000000000000                                        000000000000000000000000000000000000000000P    000055
10222208173000132000000552266056120            552256                   0000000000000000000000 00000000000000000000000000000  1531530000000109102023000000010000000000000          11A07122019000000000000000000000000000000000000000000000000143000000000000002200001000204251333000144COMUNIDADE CANCAO NOVA                  AV CANCAO  NOVA ALTO DA BELA VISTA                  1263000000000000000  00000000000000                                        000000000000000000000000000000000000000000P    000056
10222208173000132000000552266057120            552257                   0000000000000000000000 00000000000000000000000000000  1531530000000109112023000000010000000000000          11A07122019000000000000000000000000000000000000000000000000127000000000000002200001000204251333000144COMUNIDADE CANCAO NOVA                  AV CANCAO  NOVA ALTO DA BELA VISTA                  1263000000000000000  00000000000000                                        000000000000000000000000000000000000000000P    000057
10222208173000132000000552266058120            552258                   0000000000000000000000 00000000000000000000000000000  1531530000000109122023000000010000000000000          11A07122019000000000000000000000000000000000000000000000000114000000000000002200001000204251333000144COMUNIDADE CANCAO NOVA                  AV CANCAO  NOVA ALTO DA BELA VISTA                  1263000000000000000  00000000000000                                        000000000000000000000000000000000000000000P    000058
10222208173000132000000552266059120            552259                   0000000000000000000000 00000000000000000000000000000  1531530000000109012024000000010000000000000          11A07122019000000000000000000000000000000000000000000000000102000000000000002200001000204251333000144COMUNIDADE CANCAO NOVA                  AV CANCAO  NOVA ALTO DA BELA VISTA                  1263000000000000000  00000000000000                                        000000000000000000000000000000000000000000P    000059
10222208173000132000000552266060120            552260                   0000000000000000000000 00000000000000000000000000000  1531530000000109022024000000010000000000000          11A07122019000000000000000000000000000000000000000000000000091000000000000002200001000204251333000144COMUNIDADE CANCAO NOVA                  AV CANCAO  NOVA ALTO DA BELA VISTA                  1263000000000000000  00000000000000                                        000000000000000000000000000000000000000000P    000060
9                                                                                                                                                                                                                                                                                                                                                                                                                                                                                                             000043
